@article{Kac17,
  title={NFL Quarterbacks Are Leaning On The Short Pass — And It’s Not Working},
  author={Kacsmar, Scott},
  journal={Fivethirtyeight.com},
  year={2017},
  month={Dec}
},

@article{Stu16,
  title={The Raiders’ Bad Behavior Might Be What Makes Them Good},
  author={Stuart, Chase},
  journal={Fivethirtyeight.com},
  year={2016},
  month={Nov}
},

@article{Bur09,
  title={Time of Possession},
  author={Burke, Brian},
  journal={Advanced Football Analytics},
  year={2009},
  month={Sept}
},

@article{Con14,
  author={Connelly, Bill},
  title={The five factors: College football's most important stats},
  journal={Football Study Hall},
  year={2014},
  month={Jan}
},

@misc{FBO18,
  title={Football Outsiders Glossary},
  author={Football Outsiders},
  year={2018},
  month={Apr}
},

@misc{Yur18,
  author={Yurko, Ron},
  year={2018},
  month={4},
  day={1},
  howpublished={github},
  note={dataset}
}